@manual{anleitung,
author = "TU Dortmund",
title = "Nanoplasmonik und Dunkelfeldmikroskopie",
year = 2019,
}
