@manual{Voigt,
author = "B. Voigtl√§nder",
title = "Scanning Probe Microscopy",
year = 2015,
publisher = "Springer"

}

@article{Hamaker,
title = "The Hamaker and the Lifshitz approaches for the Van der Waals interaction between particles of composite materials dispersed in a medium",
author = "J. Laven and J.P.C. Vissers",
year = "1999",
doi = "10.1016/S0927-7757(98)00824-3",
volume = "152",
pages = "345--355",
journal = "Colloids and Surfaces A: Physicochemical and Engineering Aspects",
publisher = "Elsevier",
number = "3",

}

@online{cantilever,
  author = {Budget Sensors},
  title = {Contact Mode AFM Probe},
  url = {https://www.budgetsensors.com/contact-mode-afm-probe-contact},
  urldate = {2019-04-28}
}

@online{emodulsi,
url = {https://www.calculand.com/einheiten-umrechnen/stoffe-liste.php?gruppe=Elastizit%C3%A4tsmodul+%28E%29%2C+E-Modul}
}

@online{emodulteflon,
url = {https://www.kern.de/de/technisches-datenblatt/polytetrafluorethylen-ptfe?n=1601_1}
}

@online{afm_datasheet,
url = {https://www.thorlabs.de/drawings/ba668f3889f9d45e-8765970F-0070-060C-80C2BE50DE0C24CE/EDU-AFM1-GermanManual.pdf}
}

@online{cd_theorie,
url = {https://www.physik.uni-wuerzburg.de/fileadmin/physik-fpraktikum/_imported/fileadmin/11999999/AFM/The_Physics_of_the_Compact_Disc.pdf}
}
