@manual{anleitung207,
author = "TU Dortmund",
title = "Versuchsanleitung zu Versuch Nr. 207 Das Kugelfallviskosimeter nach HÃ¶ppler",
year = 2016,
url = "http://129.217.224.2/HOMEPAGE/PHYSIKER/BACHELOR/AP/SKRIPT/Viskositaet.pdf"
}

@manual{anleitung_pl,
author = "TU Dortmund",
title = "Versuchsanleitung zum Versuch: Photolumineszenz von kolloidalen Nanokristallen",
year = 2019,
note = "Version 1"
}

@dissertation{dissArens,
author = "Christof Arens",
title = "Kolloidale Nanokristalle in epitaktischen Halbleiterstrukturen",
note = "Dissertation, Paderborn",
year = "2007"
}

@electronic{magicplot,
title = "Homepage von MagicPlot",
year = 2019,
url = "https://magicplot.com/downloads.php",
}

@article{thermik,
title = "Temperature dependence of the energy gap in semiconductors",
journal = "Physica",
volume = "34",
number = "1",
pages = "149 - 154",
year = "1967",
issn = "0031-8914",
doi = "https://doi.org/10.1016/0031-8914(67)90062-6",
author = "Y.P. Varshni",
}
