@manual{anleitung,
author = "TU Dortmund",
title = "Versuchsanleitung zum Versuch: Optische Pinzette",
year = 2016,
}

@manual{MIT,
author = "MIT Department of Physics",
title = "Optical Trapping",
year = 2017,
}

@article{Ashkin70,
author = {Ashkin, A},
year = {1970},
month = {01},
pages = {156-159},
title = {Acceleration and Trapping of Particles by Radiation Pressure},
volume = {24},
journal = {Physical Review Letters - PHYS REV LETT},
doi = {10.1103/PhysRevLett.24.156}
}

@article{Ashkin86,
author = {A. Ashkin and J. M. Dziedzic and J. E. Bjorkholm and Steven Chu},
journal = {Opt. Lett.},
number = {5},
pages = {288--290},
publisher = {OSA},
title = {Observation of a single-beam gradient force optical trap for dielectric particles},
volume = {11},
month = {May},
year = {1986},
url = {http://ol.osa.org/abstract.cfm?URI=ol-11-5-288},
doi = {10.1364/OL.11.000288},
}

MIT
anleitung
ahskin 1970
ashkin gradient

https://www.nobelprize.org/prizes/physics/2018/ashkin/facts/
